@online{
    Cuidarlos,
    author = "Fundación INECO",
    title = "Cuidarlos App",
    year = "2024",
    url = "https://www.cuidarlos.com/",
    urldate = "2024-01-01"
}

@online{
    MyTherapy,
    author = "SmartPatient",
    title = "MyTherapy App",
    year = "2015",
    url = "https://www.mytherapyapp.com/",
    urldate = "2015-04-14"
}

@online{
    Ley25326,
    author = "Honorable Congreso de la Nación Argentina",
    title = "Ley 25326: Datos Peronales",
    year = "2000",
    url = "https://www.argentina.gob.ar/justicia/derechofacil/leysimple/datos-personales",
    urldate = "2024-07-29"
}

@online{
    Ley26388,
    author = "Honorable Congreso de la Nación Argentina",
    title = "Ley 26388: Delitos Informáticos",
    year = "2008",
    url = "https://www.argentina.gob.ar/justicia/derechofacil/leysimple/delitos-informaticos",
    urldate = "2024-07-29"
}

@online{
    Ley11723,
    author = "Honorable Congreso de la Nación Argentina",
    title = "Ley 11723: Propiedad Intelectual",
    year = "1933",
    url = "https://www.argentina.gob.ar/justicia/derechofacil/leysimple/propiedad-intelectual",
    urldate = "2024-07-29"
}

@online{
    TerminosCondiciones1,
    author = "Jefatura de Gabinete de Ministros Argentina",
    title = "Términos y Condiciones de Aplicación",
    year = "2020",
    url = "https://www.argentina.gob.ar/sites/default/files/terminos_y_condiciones_aplicacion_cuidar_-_covid_19_-_v5.pdf",
    urldate = "2024-07-29"
}

@online{
    TerminosCondiciones2,
    author = "ASI Salud",
    title = "Términos y Condiciones APP",
    year = "2020",
    url = "https://asi.com.ar/terminos-y-condiciones-app/",
    urldate = "2024-07-29"
}

@online{
    TerminosCondiciones3,
    author = "BEX Technology S.A.",
    title = "Términos y Condiciones App de Salud",
    year = "2018",
    url = "https://www.bextsa.com/sites/default/files/aplicacion-de-salud/Terminos-y-condiciones-Apps-Salud.pdf",
    urldate = "2024-07-29"
}

@online{
    ConsejoProfesionalCienciasInformaticas,
    author = "Consejo Profesional de Ciencias Informáticas",
    title = "Honorarios Recomendados",
    year = "2022",
    url = "https://cpcipc.org.ar/honorarios-recomendados/",
    urldate = "2024-07-29"
}